<record><leader>00000cas a2200000 i 4500</leader><controlfield tag="001">9652169</controlfield><controlfield tag="008">830628d18681871inuwr ne      0   a0eng c</controlfield><datafield ind1=" " ind2=" " tag="010"><subfield code="a">sn 83025608 </subfield></datafield><datafield ind1=" " ind2=" " tag="040"><subfield code="a">NPV</subfield><subfield code="b">eng</subfield><subfield code="e">rda</subfield><subfield code="c">NPV</subfield><subfield code="d">NPY</subfield><subfield code="d">NPI</subfield><subfield code="d">DLC</subfield><subfield code="d">CUI</subfield><subfield code="d">OCLCQ</subfield><subfield code="d">OCLCF</subfield><subfield code="d">IUL</subfield><subfield code="d">DLC</subfield></datafield><datafield ind1="0" ind2=" " tag="022"><subfield code="a">2574-9285</subfield><subfield code="2">1</subfield></datafield><datafield ind1=" " ind2=" " tag="042"><subfield code="a">pcc</subfield><subfield code="a">nsdp</subfield></datafield><datafield ind1=" " ind2=" " tag="043"><subfield code="a">n-us-in</subfield></datafield><datafield ind1="1" ind2="0" tag="050"><subfield code="a">ISSN RECORD</subfield></datafield><datafield ind1=" " ind2="4" tag="050"><subfield code="a">AN</subfield></datafield><datafield ind1="1" ind2="0" tag="082"><subfield code="a">071.3</subfield><subfield code="2">23</subfield></datafield><datafield ind1=" " ind2="0" tag="222"><subfield code="a">Indiana radical</subfield></datafield><datafield ind1="0" ind2="0" tag="245"><subfield code="a">Indiana radical.</subfield></datafield><datafield ind1="1" ind2=" " tag="246"><subfield code="a">Julian's Indiana radical</subfield></datafield><datafield ind1="1" ind2="7" tag="246"><subfield code="a">Radical</subfield></datafield><datafield ind1=" " ind2="1" tag="264"><subfield code="a">Richmond, Ind. :</subfield><subfield code="b">Isaac H. Julian,</subfield><subfield code="c">1868-1871.</subfield></datafield><datafield ind1=" " ind2=" " tag="300"><subfield code="a">3 volumes</subfield></datafield><datafield ind1=" " ind2=" " tag="310"><subfield code="a">Weekly</subfield></datafield><datafield ind1=" " ind2=" " tag="336"><subfield code="a">text</subfield><subfield code="b">txt</subfield><subfield code="2">rdacontent</subfield></datafield><datafield ind1=" " ind2=" " tag="337"><subfield code="a">unmediated</subfield><subfield code="b">n</subfield><subfield code="2">rdamedia</subfield></datafield><datafield ind1=" " ind2=" " tag="338"><subfield code="a">volume</subfield><subfield code="b">nc</subfield><subfield code="2">rdacarrier</subfield></datafield><datafield ind1="0" ind2=" " tag="362"><subfield code="a">Vol. XI, no. 9 (Aug. 27, 1868)-vol. XIV, no. 52 (December 28, 1871) = whole no. 529-whole no. 702.</subfield></datafield><datafield ind1=" " ind2=" " tag="500"><subfield code="a">The masthead for Jan. 13, 1870-Dec. 28, 1871 contains the name "Julian's" above the title ornament.</subfield></datafield><datafield ind1=" " ind2=" " tag="500"><subfield code="a">Title from masthead.</subfield></datafield><datafield ind1=" " ind2="0" tag="651"><subfield code="a">Richmond (Ind.)</subfield><subfield code="v">Newspapers.</subfield></datafield><datafield ind1=" " ind2="0" tag="651"><subfield code="a">Wayne County (Ind.)</subfield><subfield code="v">Newspapers.</subfield></datafield><datafield ind1=" " ind2="7" tag="651"><subfield code="a">Indiana</subfield><subfield code="z">Richmond.</subfield><subfield code="2">fast</subfield><subfield code="0">(OCoLC)fst01205951</subfield></datafield><datafield ind1=" " ind2="7" tag="651"><subfield code="a">Indiana</subfield><subfield code="z">Wayne County.</subfield><subfield code="2">fast</subfield><subfield code="0">(OCoLC)fst01218729</subfield></datafield><datafield ind1=" " ind2="7" tag="655"><subfield code="a">Newspapers.</subfield><subfield code="2">fast</subfield><subfield code="0">(OCoLC)fst01423814</subfield></datafield><datafield ind1=" " ind2=" " tag="752"><subfield code="a">United States</subfield><subfield code="b">Indiana</subfield><subfield code="c">Wayne</subfield><subfield code="d">Richmond.</subfield></datafield><datafield ind1="0" ind2="0" tag="780"><subfield code="t">Indiana radical and true Republican</subfield><subfield code="x">2574-9250</subfield><subfield code="w">(DLC)sn 86058016</subfield><subfield code="w">(OCoLC)13046101</subfield></datafield><datafield ind1="0" ind2="0" tag="785"><subfield code="t">Julian's radical</subfield><subfield code="x">2574-9293</subfield><subfield code="w">(DLC)sn 86058198</subfield><subfield code="w">(OCoLC)13051979</subfield></datafield><datafield ind1="4" ind2="1" tag="856"><subfield code="u">https://access.newspaperarchive.com/us/indiana/richmond/richmond-indiana-radical/</subfield></datafield></record>